<record><leader>00000cas a2200000Ia 4500</leader><controlfield tag="001">23525264</controlfield><controlfield tag="008">910418d19uu1992iludr n       0    0kor d</controlfield><datafield ind1=" " ind2=" " tag="010"><subfield code="a">sn 91069081 </subfield></datafield><datafield ind1=" " ind2=" " tag="040"><subfield code="a">KSU</subfield><subfield code="b">eng</subfield><subfield code="c">KSU</subfield><subfield code="d">ONP</subfield><subfield code="d">NSD</subfield><subfield code="d">OCLCQ</subfield><subfield code="d">OCLCF</subfield><subfield code="d">OCLCO</subfield><subfield code="d">OCL</subfield></datafield><datafield ind1=" " ind2=" " tag="037"><subfield code="b">Chicago Chosun Daily News, Inc., 4635 W. Lawrence Ave., Chicago, IL 60630</subfield></datafield><datafield ind1=" " ind2=" " tag="043"><subfield code="a">a-kr---</subfield></datafield><datafield ind1="0" ind2="4" tag="245"><subfield code="a">The Chicago Chosun daily news.</subfield></datafield><datafield ind1="1" ind2="3" tag="246"><subfield code="a">Chosun ilbo</subfield></datafield><datafield ind1="1" ind2="3" tag="246"><subfield code="a">Korean daily</subfield></datafield><datafield ind1=" " ind2=" " tag="260"><subfield code="a">Chicago, Ill. :</subfield><subfield code="b">Chicago Chosun Daily News, Inc.</subfield></datafield><datafield ind1=" " ind2=" " tag="300"><subfield code="a">v.</subfield></datafield><datafield ind1=" " ind2=" " tag="310"><subfield code="a">Daily (except Sundays, Federal Holidays and Jan. 2-3)</subfield></datafield><datafield ind1="1" ind2=" " tag="362"><subfield code="a">Ceased Feb. 6, 1992.</subfield></datafield><datafield ind1=" " ind2=" " tag="588"><subfield code="a">Description based on: April 1, 1991.</subfield></datafield><datafield ind1=" " ind2="0" tag="650"><subfield code="a">Newspapers.</subfield></datafield><datafield ind1=" " ind2="7" tag="650"><subfield code="a">Newspapers.</subfield><subfield code="2">fast</subfield><subfield code="0">(OCoLC)fst01037111</subfield></datafield><datafield ind1=" " ind2=" " tag="752"><subfield code="a">United States</subfield><subfield code="b">Illinois</subfield><subfield code="c">Cook</subfield><subfield code="d">Chicago.</subfield></datafield><datafield ind1="0" ind2="0" tag="785"><subfield code="t">Korean Chosun daily</subfield></datafield></record>